@book{Jost2005,
address = {Berlin/Heidelberg},
author = {Jost, Jurgen},
doi = {10.1007/3-540-28891-0},
file = {:D$\backslash$:/Mendeley Desktop/Jost\_Riemannian Geometry and Geometric Analysis.pdf:pdf},
isbn = {3-540-25907-4},
keywords = {Chern-simons,Geometria Differenziale,Jacobi Fields,Metodi Matematici,Tesi Magistrale},
mendeley-tags = {Chern-simons,Geometria Differenziale,Jacobi Fields,Metodi Matematici,Tesi Magistrale},
publisher = {Springer-Verlag},
series = {Universitext},
title = {{Riemannian Geometry and Geometric Analysis}},
url = {http://link.springer.com/10.1007/3-540-28891-0},
year = {2005}
}
@book{Abate2011,
address = {Milano},
author = {Abate, Marco and Tovena, Francesca},
doi = {10.1007/978-88-470-1920-1},
file = {:D$\backslash$:/Mendeley Desktop/Abate, Tovena\_Geometria Differenziale.pdf:pdf},
isbn = {978-88-470-1919-5},
keywords = {COMPRATO,Fiber Bundles,Geometria Differenziale,Metodi Matematici,Tesi Magistrale},
mendeley-tags = {COMPRATO,Fiber Bundles,Geometria Differenziale,Metodi Matematici,Tesi Magistrale},
publisher = {Springer Milan},
series = {UNITEXT},
title = {{Geometria Differenziale}},
url = {http://link.springer.com/10.1007/978-88-470-1920-1},
year = {2011}
}
@book{Abraham1978,
author = {Abraham, Ralph and Marsden, Jerrold E. and Ratiu, Tudor and Cushman, Richard},
edition = {II},
file = {:D$\backslash$:/Mendeley Desktop/Abraham et al.\_Foundations of mechanics.pdf:pdf},
isbn = {0-8053-0102-X},
keywords = {Fisica-Matematica,Geometria Differenziale,Meccanica Geometrica,Metodi Matematici,Tesi Magistrale},
mendeley-tags = {Fisica-Matematica,Geometria Differenziale,Meccanica Geometrica,Metodi Matematici,Tesi Magistrale},
title = {{Foundations of mechanics}},
url = {http://www.ams.org/publications/authors/books/postpub/author-pages http://authors.library.caltech.edu/25029/},
year = {1978}
}
@article{Bar2010,
annote = {Linkato da C.Dap. quando chiedevo lumi sul calcolo della funzione di green per l'operatore differenziale dell'equazione di Jacobi},
archivePrefix = {arXiv},
arxivId = {arXiv:1310.0738v2},
author = {Bar, Christian},
eprint = {arXiv:1310.0738v2},
file = {:D$\backslash$:/Mendeley Desktop/Bar\_Green-hyperbolic operators on globally hyperbolic spacetimes.pdf:pdf},
keywords = {and phrases,globally hyperbolic lorentzian manifolds,green-hyperbolic operators,wave oper-},
pages = {1--26},
title = {{Green-hyperbolic operators on globally hyperbolic spacetimes}},
year = {2010}
}
@incollection{Benini,
author = {Benini, Marco and Dappiaggi, Claudio},
booktitle = {Adv. AQFT},
file = {:D$\backslash$:/Mendeley Desktop/Benini, Dappiaggi\_Models of free quantum field theories on curved backgrounds.pdf:pdf},
pages = {1--49},
title = {{Models of free quantum field theories on curved backgrounds}}
}
