Automatically generated by Mendeley Desktop 1.12.4
Any changes to this file will be lost if it is regenerated by Mendeley.

BibTeX export options can be customized via Options -> BibTeX in Mendeley Desktop

@book{Abate2011,
address = {Milano},
annote = {Usati per la tesi:
cap 3) Fibrati vettoriali
cap 6) Connessioni(.1-.4), Variet\`{a} Riemmaninane (.5-.7), Variet\`{a} Simplettiche (.8)
cap 7) Geodetiche 
cap 8) Curvatura (.1) e Jacobi Field(.2 e .5)},
author = {Abate, Marco and Tovena, Francesca},
doi = {10.1007/978-88-470-1920-1},
file = {:D$\backslash$:/Mendeley Desktop/Abate, Tovena\_Geometria Differenziale.pdf:pdf},
isbn = {978-88-470-1919-5},
keywords = {COMPRATO,Fiber Bundles,Geometria Differenziale,Metodi Matematici,Tesi Magistrale},
mendeley-tags = {COMPRATO,Fiber Bundles,Geometria Differenziale,Metodi Matematici,Tesi Magistrale},
publisher = {Springer Milan},
series = {UNITEXT},
title = {{Geometria Differenziale}},
url = {http://link.springer.com/10.1007/978-88-470-1920-1},
year = {2011}
}
@book{Jost2005,
address = {Berlin/Heidelberg},
annote = {Usati per la Tesi:
cap 1)
cap 3)
cap 4)},
author = {Jost, Jurgen},
doi = {10.1007/3-540-28891-0},
file = {:D$\backslash$:/Mendeley Desktop/Jost\_Riemannian Geometry and Geometric Analysis.pdf:pdf},
isbn = {3-540-25907-4},
keywords = {Geometria Differenziale,Jacobi Fields,Metodi Matematici,Tesi Magistrale},
mendeley-tags = {Geometria Differenziale,Jacobi Fields,Metodi Matematici,Tesi Magistrale},
publisher = {Springer-Verlag},
series = {Universitext},
title = {{Riemannian Geometry and Geometric Analysis}},
url = {http://link.springer.com/10.1007/3-540-28891-0},
year = {2005}
}
@book{Abraham1978,
author = {Abraham, Ralph and Marsden, Jerrold E. and Ratiu, Tudor and Cushman, Richard},
edition = {II},
file = {:D$\backslash$:/Mendeley Desktop/Abraham et al.\_Foundations of mechanics.pdf:pdf},
isbn = {0-8053-0102-X},
keywords = {Fisica-Matematica,Geometria Differenziale,Meccanica Geometrica,Metodi Matematici,Tesi Magistrale},
mendeley-tags = {Fisica-Matematica,Geometria Differenziale,Meccanica Geometrica,Metodi Matematici,Tesi Magistrale},
title = {{Foundations of mechanics}},
url = {http://www.ams.org/publications/authors/books/postpub/author-pages http://authors.library.caltech.edu/25029/},
year = {1978}
}
@misc{Ncatlab.org2015,
abstract = {This entry is supposed to be a survey of and motivation for the role of fiber bundles in physics.},
annote = {
        From Duplicate 1 ( 
        
          Fiber Bundles in Physics
        
         -  )

        
        
Articolo di motivazione che pu\`{o} essere usato come giustificazione del lavoro fatto nel primo capitolo della tesi.

        

      },
author = {Ncatlab.org},
file = {:D$\backslash$:/Mendeley Desktop//ncatlab.org\_Fiber Bundles in Physics.pdf:pdf},
keywords = {Fiber Bundles,Fisica-Matematica,Tesi Magistrale},
mendeley-tags = {Fiber Bundles,Fisica-Matematica,Tesi Magistrale},
pages = {1--5},
title = {{Fiber Bundles in Physics}},
url = {http://ncatlab.org/nlab/show/fiber+bundles+in+physics},
year = {2015}
}
