@book{Abate2011,
address = {Milano},
annote = {From Duplicate 1 (Geometria Differenziale - Abate, Marco; Tovena, Francesca)

Usati per la tesi:
cap 3) Fibrati vettoriali
cap 6) Connessioni(.1-.4), Variet{\`{a}} Riemmaninane (.5-.7), Variet{\`{a}} Simplettiche (.8)
cap 7) Geodetiche 
cap 8) Curvatura (.1) e Jacobi Field(.2 e .5)},
author = {Abate, Marco and Tovena, Francesca},
doi = {10.1007/978-88-470-1920-1},
file = {:E$\backslash$:/Mendeley Desktop/Abate, Tovena{\_}Geometria Differenziale.pdf:pdf},
isbn = {978-88-470-1919-5},
keywords = {COMPRATO,Fiber Bundles,Geometria Differenziale,Metodi Matematici,Tesi Magistrale},
mendeley-tags = {COMPRATO,Fiber Bundles,Geometria Differenziale,Metodi Matematici,Tesi Magistrale},
publisher = {Springer Milan},
series = {UNITEXT},
title = {{Geometria Differenziale}},
url = {http://link.springer.com/10.1007/978-88-470-1920-1},
year = {2011}
}
@book{Abraham1978,
author = {Abraham, Ralph and Marsden, Jerrold E. and Ratiu, Tudor and Cushman, Richard},
edition = {II},
file = {:E$\backslash$:/Mendeley Desktop/Abraham et al.{\_}Foundations of mechanics.pdf:pdf},
isbn = {0-8053-0102-X},
keywords = {Fisica-Matematica,Geometria Differenziale,Meccanica Geometrica,Metodi Matematici,Tesi Magistrale},
mendeley-tags = {Fisica-Matematica,Geometria Differenziale,Meccanica Geometrica,Metodi Matematici,Tesi Magistrale},
title = {{Foundations of mechanics}},
url = {http://www.ams.org/publications/authors/books/postpub/author-pages http://authors.library.caltech.edu/25029/},
year = {1978}
}
@article{Bar2010,
annote = {Linkato da C.Dap. quando chiedevo lumi sul calcolo della funzione di green per l'operatore differenziale dell'equazione di Jacobi},
archivePrefix = {arXiv},
arxivId = {arXiv:1310.0738v2},
author = {Bar, Christian},
eprint = {arXiv:1310.0738v2},
file = {:E$\backslash$:/Mendeley Desktop/Bar{\_}Green-hyperbolic operators on globally hyperbolic spacetimes.pdf:pdf},
keywords = {and phrases,globally hyperbolic lorentzian manifolds,green-hyperbolic operators,wave oper-},
pages = {1--26},
title = {{Green-hyperbolic operators on globally hyperbolic spacetimes}},
year = {2010}
}
@book{Bar2009,
address = {Berlin, Heidelberg},
author = {Bar, Christian and Fredenhagen, Klaus},
doi = {10.1007/978-3-642-02780-2},
editor = {B{\"{a}}r, Christian and Fredenhagen, Klaus},
file = {:E$\backslash$:/Mendeley Desktop/Bar, Fredenhagen{\_}Quantum Field Theory on Curved Spacetimes.pdf:pdf},
isbn = {978-3-642-02779-6},
publisher = {Springer Berlin Heidelberg},
series = {Lecture Notes in Physics},
title = {{Quantum Field Theory on Curved Spacetimes}},
url = {http://link.springer.com/10.1007/978-3-642-02780-2},
volume = {786},
year = {2009}
}
@incollection{Bar,
author = {Bar, Christian and Ginoux, Nicolas},
booktitle = {Glob. Differ. Geom.},
file = {:E$\backslash$:/Mendeley Desktop/Bar, Ginoux{\_}Classical and Quantum Fields on Lorentzian Manifolds.pdf:pdf},
keywords = {FT classica,Tesi Magistrale},
mendeley-tags = {FT classica,Tesi Magistrale},
title = {{Classical and Quantum Fields on Lorentzian Manifolds}},
url = {http://www.mathematik.uni-regensburg.de/ginoux/quant.pdf},
year = {2012}
}
@book{Baer2008,
abstract = {This book provides a detailed introduction to linear wave equations on Lorentzian manifolds (for vector-bundle valued fields). After a collection of preliminary material in the first chapter one finds in the second chapter the construction of local fundamental solutions together with their Hadamard expansion. The third chapter establishes the existence and uniqueness of global fundamental solutions on globally hyperbolic spacetimes and discusses Green's operators and well-posedness of the Cauchy problem. The last chapter is devoted to field quantization in the sense of algebraic quantum field theory. The necessary basics on C*-algebras and CCR-representations are developed in full detail. The text provides a self-contained introduction to these topics addressed to graduate students in mathematics and physics. At the same time it is intended as a reference for researchers in global analysis, general relativity, and quantum field theory.},
archivePrefix = {arXiv},
arxivId = {0806.1036},
author = {Bar, Christian and Ginoux, Nicolas and Pfaeffle, Frank},
eprint = {0806.1036},
file = {:E$\backslash$:/Mendeley Desktop/Bar, Ginoux, Pfaeffle{\_}Wave Equations on Lorentzian Manifolds and Quantization.pdf:pdf},
isbn = {303719037X},
pages = {199},
title = {{Wave Equations on Lorentzian Manifolds and Quantization}},
url = {http://arxiv.org/abs/0806.1036},
year = {2008}
}
@incollection{Benini,
author = {Benini, Marco and Dappiaggi, Claudio},
booktitle = {Adv. AQFT},
file = {:E$\backslash$:/Mendeley Desktop/Benini, Dappiaggi{\_}Models of free quantum field theories on curved backgrounds.pdf:pdf},
pages = {1--49},
title = {{Models of free quantum field theories on curved backgrounds}}
}
@article{Benini2013,
annote = {L'articolo {\`{e}} bello perch{\`{e}} incolla insieme una carrellata di strumenti matematici che servono in AQFT (e direi che lo rendono un ambito avanzato):
Globally hyperbolic space -{\&}gt; lo spazio tempo adatto alla teoria
Fiber bundle -{\&}gt; la struttura algebrica atta a conglobare tutte le possibili cinematiche di campo (ogni campo! (?))
Differential operator sulle sezioni -{\&}gt; si cerca di capire e trovare un espressione generale per le equazioni del moto del campo (vedendolo come operatore) si trovano i green iperbolic operator
Teoria degli operatori di green -{\&}gt;

e questa {\`{e}} solo la parte classica! c'{\`{e}} da capire tutta la questione della quantizzazione!



Contentuti Eccellenti:
Introduzione ben fatta da spunti anche su come approfondire la parte assiomatica!},
author = {Benini, Marco and Dappiaggi, Claudio and Hack, Thomas-Paul},
doi = {10.1142/S0217751X13300238},
file = {:E$\backslash$:/Mendeley Desktop/Benini, Dappiaggi, Hack{\_}Quantum Field Theory on Curved Backgrounds — a Primer.pdf:pdf},
issn = {0217-751X},
journal = {Int. J. Mod. Phys. A},
keywords = {04,10,11,62,Algebraic QFT,Contenuti Eccellenti,STAMPATO,Tesi Magistrale,algebraic quantum field theory,cd,curved backgrounds,pacs numbers,quantum field theory on,v},
mendeley-tags = {Algebraic QFT,Contenuti Eccellenti,STAMPATO,Tesi Magistrale},
month = {jul},
number = {17},
pages = {1330023},
title = {{Quantum Field Theory on Curved Backgrounds — a Primer}},
url = {http://www.worldscientific.com/doi/abs/10.1142/S0217751X13300238 http://arxiv.org/abs/1306.0527},
volume = {28},
year = {2013}
}
@book{Ker52009,
author = {Bishop, Richard L. and Goldberg, Samuel I.},
booktitle = {Math. Gaz.},
file = {:E$\backslash$:/Mendeley Desktop/Bishop{\_}Tensor analysis on manifolds.djvu:djvu},
title = {{Tensor analysis on manifolds}}
}
@book{Blanchard2015,
address = {Cham},
annote = {Solito libro di metodi matematici... come cicogna e molinari.. MA presenta un capitolo sul calcolo variazionale e parla anche di derivate di Gateux e frechet!},
author = {Blanchard, Philippe and Br{\"{u}}ning, Erwin},
doi = {10.1007/978-3-319-14045-2},
file = {:E$\backslash$:/Mendeley Desktop/Blanchard, Br{\"{u}}ning{\_}Mathematical Methods in Physics.pdf:pdf},
isbn = {978-3-319-14044-5},
publisher = {Springer International Publishing},
series = {Progress in Mathematical Physics},
title = {{Mathematical Methods in Physics}},
url = {http://link.springer.com/10.1007/978-3-319-14045-2},
volume = {69},
year = {2015}
}
@book{Brunetti2015,
author = {Brunetti, Romeo and Dappiaggi, Claudio and Fredenhagen, Klaus and Yngvason, Jakob},
file = {:E$\backslash$:/Mendeley Desktop/Brunetti et al.{\_}Advances in Algebraic Quantum Field Theory.pdf:pdf},
isbn = {9783319213521},
title = {{Advances in Algebraic Quantum Field Theory}},
year = {2015}
}
@article{Crnkovic1999,
author = {Crnkovic, C},
doi = {10.1088/0264-9381/5/12/008},
file = {:E$\backslash$:/Mendeley Desktop/Crnkovic{\_}Symplectic geometry of the convariant phase space.pdf:pdf},
issn = {0264-9381},
journal = {Class. Quantum Gravity},
keywords = {Struttura Simplettica Spazio delle Fasi Covariante,Tesi Magistrale},
mendeley-tags = {Struttura Simplettica Spazio delle Fasi Covariante,Tesi Magistrale},
pages = {1557--1575},
title = {{Symplectic geometry of the convariant phase space}},
volume = {5},
year = {1999}
}
@article{Dappiaggi2013,
annote = {Usato per fare accenno al problema della spinstructure},
archivePrefix = {arXiv},
arxivId = {arXiv:0904.0612v1},
author = {Dappiaggi, Claudio and Hack, Thomas-paul and Pinamonti, Nicola},
eprint = {arXiv:0904.0612v1},
file = {:E$\backslash$:/Mendeley Desktop/Dappiaggi, Hack, Pinamonti{\_}The extended algebra of observables for Dirac fields and the trace anomaly of their stress-energy tensor.pdf:pdf},
keywords = {STAMPATO,Spin Structures},
mendeley-tags = {STAMPATO,Spin Structures},
number = {March 2009},
pages = {1--65},
title = {{The extended algebra of observables for Dirac fields and the trace anomaly of their stress-energy tensor}},
year = {2013}
}
@article{Dappiaggi2014,
annote = {Usato come reference per il calcolo degli operatori di green per le equazioni di Jacobi.},
author = {Dappiaggi, Claudio and Melati, Alberto},
doi = {10.1088/0264-9381/31/23/235006},
file = {:E$\backslash$:/Mendeley Desktop/Dappiaggi, Melati{\_}Curvature fluctuations on asymptotically de Sitter spacetimes via the semiclassical Einstein's equations.pdf:pdf},
issn = {0264-9381},
journal = {Class. Quantum Gravity},
keywords = {04,62,80,98,algebraic quantum,equations,fi eld theory,jk,on curved backgrounds,pacs numbers,quantum fi eld theory,semiclassical einstein ʼ s,v},
number = {23},
pages = {235006},
title = {{Curvature fluctuations on asymptotically de Sitter spacetimes via the semiclassical Einstein's equations}},
url = {http://stacks.iop.org/0264-9381/31/i=23/a=235006?key=crossref.eb55d0395ea1f2f9f88db307c5f7af6b},
volume = {31},
year = {2014}
}
@incollection{Dewitt1999,
author = {DeWitt, Bryce S.},
booktitle = {Quantum F. Theory Perspect. Prospect.},
doi = {10.1007/978-94-011-4542-8{\_}5},
editor = {DeWitt-Morette, C{\'{e}}cile and Zuber, Jean-Bernard},
isbn = {978-0-7923-5673-8},
language = {English},
pages = {111--136},
publisher = {Springer Netherlands},
series = {NATO Science Series},
title = {{The Peierls Bracket}},
url = {http://www.springerlink.com/index/10.1007/978-94-011-4542-8{\_}5},
volume = {530},
year = {1999}
}
@article{Dimock1980,
abstract = {We propose a generalization of the Haag-Kastler axioms for local observables to Lorentzian manifolds. The framework is intended to resolve ambiguities in the construction of quantum field theories on manifolds. As an example we study linear scalar fields for globally hyperbolic manifolds.},
annote = {Universalmente riconosciuto come l'origine degli assiomi della AQFT.},
author = {Dimock, J.},
doi = {10.1007/BF01269921},
file = {:E$\backslash$:/Mendeley Desktop/Dimock{\_}Algebras of local observables on a manifold.pdf:pdf},
issn = {00103616},
journal = {Commun. Math. Phys.},
keywords = {Axiomatic QFT},
mendeley-tags = {Axiomatic QFT},
number = {3},
pages = {219--228},
title = {{Algebras of local observables on a manifold}},
volume = {77},
year = {1980}
}
@article{Esposito,
archivePrefix = {arXiv},
arxivId = {arXiv:hep-th/0209147v1},
author = {Esposito, Giampiero and Marmo, Giuseppe and Stornaiolo, Cosimo},
eprint = {0209147v1},
file = {:E$\backslash$:/Mendeley Desktop/Esposito, Marmo, Stornaiolo{\_}Peierels brackets in theoretical physics.pdf:pdf},
pages = {1--17},
primaryClass = {arXiv:hep-th},
title = {{Peierels brackets in theoretical physics}}
}
@article{Forger2005,
abstract = {We establish a link between the multisymplectic and the covariant phase space approach to geometric field theory by showing how to derive the symplectic form on the latter, as introduced by Crnkovic-Witten and Zuckerman, from the multisymplectic form. The main result is that the Poisson bracket associated with this symplectic structure, according to the standard rules, is precisely the covariant bracket due to Peierls and DeWitt.},
annote = {From Duplicate 2 (Covariant poisson brackets in geometric field theory - Forger, Michael; Romero, Sandro Vieira)

Hint by Alexander, parentesi di poisson (o bracket pairels) per la meccanica analitica dei continui.},
archivePrefix = {arXiv},
arxivId = {math-ph/0408008},
author = {Forger, Michael and Romero, Sandro Vieira},
doi = {10.1007/s00220-005-1287-8},
eprint = {0408008},
file = {:E$\backslash$:/Mendeley Desktop/Forger, Romero{\_}Covariant poisson brackets in geometric field theory(2).pdf:pdf;:E$\backslash$:/Mendeley Desktop/Forger, Romero{\_}Covariant poisson brackets in geometric field theory.pdf:pdf},
issn = {00103616},
journal = {Commun. Math. Phys.},
keywords = {Fisica-Matematica,Meccanica Geometrica,Tesi magistrale,Visione Globale},
mendeley-tags = {Fisica-Matematica,Meccanica Geometrica,Tesi magistrale,Visione Globale},
number = {2},
pages = {375--410},
primaryClass = {math-ph},
title = {{Covariant poisson brackets in geometric field theory}},
volume = {256},
year = {2005}
}
@article{Forger2015,
abstract = {How to give a natural geometric definition of a covariant Poisson bracket in classical field theory has for a long time been an open problem - as testified by the extensive literature on "multisymplectic Poisson brackets", together with the fact that all these proposals suffer from serious defects. On the other hand, the functional approach does provide a good candidate which has come to be known as the Peierls - De Witt bracket and whose construction in a geometrical setting is now well understood. Here, we show how the basic "multisymplectic Poisson bracket" already proposed in the 1970s can be derived from the Peierls - De Witt bracket, applied to a special class of functionals. This relation allows to trace back most (if not all) of the problems encountered in the past to ambiguities (the relation between differential forms on multiphase space and the functionals they define is not one-to-one) and also to the fact that this class of functionals does not form a Poisson subalgebra.},
archivePrefix = {arXiv},
arxivId = {1501.03780},
author = {Forger, Michael and Salles, M{\'{a}}rio O.},
eprint = {1501.03780},
file = {:E$\backslash$:/Mendeley Desktop/Forger, Salles{\_}On Covariant Poisson Brackets in Classical Field Theory.pdf:pdf},
number = {January 2015},
title = {{On Covariant Poisson Brackets in Classical Field Theory}},
url = {http://arxiv.org/abs/1501.03780},
year = {2015}
}
@book{Frankel2003,
abstract = {Theodore Frankel explains those parts of exterior differential forms, differential geometry, algebraic and differential topology, Lie groups, vector bundles and Chern forms essential to a better understanding of classical and modern physics and engineering. Key highlights of his new edition are the inclusion of three new appendices that cover symmetries, quarks, and meson masses; representations and hyperelastic bodies; and orbits and Morse-Bott Theory in compact Lie groups. Geometric intuition is developed through a rather extensive introduction to the study of surfaces in ordinary space. First Edition Hb (1997): 0-521-38334-X First Edition Pb (1999): 0-521-38753-1},
author = {Frankel, Theodore},
doi = {10.1017/CBO9780511817977},
edition = {Second},
file = {:E$\backslash$:/Mendeley Desktop/Frankel{\_}The Geometry of Physics - An Introduction.pdf:pdf},
isbn = {9780521833301},
issn = {Cambridge},
pages = {Appendix B Harmonic Chanis and Kirchhoff's circuit},
title = {{The Geometry of Physics - An Introduction}},
year = {2003}
}
@article{Freed2011,
author = {Freed, Daniel S},
file = {:E$\backslash$:/Mendeley Desktop/Freed{\_}Fiber bundles and vector bundles.pdf:pdf},
title = {{Fiber bundles and vector bundles}},
url = {https://www.ma.utexas.edu/users/dafr/M392C/Notes/FiberBundles.pdf}
}
@misc{Gaeta2014,
annote = {Contenuto eccellente perch{\`{e}} chiarisce molto della costruzione delle funzioni di green dal punto di vista dei matematici.},
author = {Gaeta, G.},
file = {:E$\backslash$:/Mendeley Desktop/Gaeta{\_}La Funzione di Green.pdf:pdf},
keywords = {Green Functions,ODE},
mendeley-tags = {Green Functions,ODE},
pages = {1--13},
title = {{La Funzione di Green}},
url = {http://www.mat.unimi.it/users/gaeta/FM2/FM2.html},
year = {2014}
}
@article{Giachetta1999,
abstract = {We study the relationship between the equations of first order Lagrangian field theory on fiber bundles and the covariant Hamilton equations on the finite-dimensional polysymplectic phase space of covariant Hamiltonian field theory. The main peculiarity of these Hamilton equations lies in the fact that, for degenerate systems, they contain additional gauge fixing conditions. We develop the BRST extension of the covariant Hamiltonian formalism, characterized by a Lie superalgebra of BRST and anti-BRST symmetries.},
archivePrefix = {arXiv},
arxivId = {hep-th/9904062},
author = {Giachetta, G. and Mangiarotti, L. and Sardanashvily, G.},
doi = {10.1088/0305-4470/32/38/302},
eprint = {9904062},
file = {:E$\backslash$:/Mendeley Desktop/Giachetta, Mangiarotti, Sardanashvily{\_}Covariant Hamiltonian field theory.pdf:pdf},
issn = {0218-3013},
number = {Mc},
pages = {35},
primaryClass = {hep-th},
title = {{Covariant Hamiltonian field theory}},
url = {http://arxiv.org/abs/hep-th/9904062},
year = {1999}
}
@book{Giachetta2009,
author = {Giachetta, G and Mangiarotti, L and Sardanashvili, Ga},
file = {:E$\backslash$:/Mendeley Desktop/Giachetta, Mangiarotti, Sardanashvili{\_}Advanced classical field theory.pdf:pdf},
isbn = {9789812838957},
title = {{Advanced classical field theory}},
url = {http://www.worldscientific.com/doi/pdf/10.1142/9789812838964{\_}bmatter},
year = {2009}
}
@book{Husemoller,
abstract = {Fibre bundles play an important role in just about every aspect of$\backslash$nmodern geometry and topology. Basic properties, homotopy classification,$\backslash$nand characteristic classes of fibre bundles have become an essential$\backslash$npart of graduate mathematical education for students in geometry$\backslash$nand mathematical physics. In this third edition two new chapters$\backslash$non the gauge group of a bundle and on the differential forms representing$\backslash$ncharacteristic classes of complex vector bundles on manifolds have$\backslash$nbeen added. These chapters result from the important role of the$\backslash$ngauge group in mathematical physics and the continual usefulness$\backslash$nof characteristic classes defined with connections on vector bundles.},
author = {Husemoller, Dale},
booktitle = {Cl. Notes},
doi = {10.1016/0001-8708(76)90142-0},
edition = {Third},
file = {:E$\backslash$:/Mendeley Desktop//Husemoller{\_}Fibre Bundles.pdf:pdf},
isbn = {1111111111},
pages = {355},
title = {{Fibre Bundles}},
volume = {1},
year = {1994}
}
@book{Jost2005,
address = {Berlin/Heidelberg},
annote = {Usati per la Tesi:
cap 1) Tutto x ripasso. Principalmente Vector Bundles.


cap 3) 


cap 4)},
author = {Jost, Jurgen},
doi = {10.1007/3-540-28891-0},
file = {:E$\backslash$:/Mendeley Desktop/Jost{\_}Riemannian Geometry and Geometric Analysis.pdf:pdf},
isbn = {3-540-25907-4},
keywords = {Chern-simons,Geometria Differenziale,Jacobi Fields,Metodi Matematici,Tesi Magistrale},
mendeley-tags = {Chern-simons,Geometria Differenziale,Jacobi Fields,Metodi Matematici,Tesi Magistrale},
publisher = {Springer-Verlag},
series = {Universitext},
title = {{Riemannian Geometry and Geometric Analysis}},
url = {http://link.springer.com/10.1007/3-540-28891-0},
year = {2005}
}
@article{Khavkine2014,
abstract = {It is well known that both the symplectic structure and the Poisson brackets of classical field theory can be constructed directly from the Lagrangian in a covariant way, without passing through the non-covariant canonical Hamiltonian formalism. This is true even in the presence of constraints and gauge symmetries. These constructions go under the names of the covariant phase space formalism and the Peierls bracket. We review both of them, paying more careful attention, than usual, to the precise mathematical hypotheses that they require, illustrating them in examples. Also an extensive historical overview of the development of these constructions is provided. The novel aspect of our presentation is a significant expansion and generalization of an elegant and quite recent argument by Forger {\&} Romero showing the equivalence between the resulting symplectic and Poisson structures without passing through the canonical Hamiltonian formalism as an intermediary. We generalize it to cover theories with constraints and gauge symmetries and formulate precise sufficient conditions under which the argument holds. These conditions include a local condition on the equations of motion that we call hyperbolizability, and some global conditions of cohomological nature. The details of our presentation may shed some light on subtle questions related to the Poisson structure of gauge theories and their quantization.},
archivePrefix = {arXiv},
arxivId = {1402.1282},
author = {Khavkine, Igor},
doi = {10.1142/S0217751X14300099},
eprint = {1402.1282},
file = {:E$\backslash$:/Mendeley Desktop/Khavkine{\_}Covariant phase space, constraints, gauge and the Peierls formula.pdf:pdf},
issn = {0217751X},
keywords = {classical field theory,covariant phase space,peierls bracket,poisson structure,structure,symplectic},
pages = {73},
title = {{Covariant phase space, constraints, gauge and the Peierls formula}},
url = {http://arxiv.org/abs/1402.1282},
year = {2014}
}
@article{Khavkine2014a,
abstract = {Within this paper we introduce the overall idea of the algebraic formalism of QFT on a fixed globally hyperbolic spacetime in the framework of unital {\$}*{\$}-algebras. We point out some general features of CCR algebras, such as simplicity and the construction of symmetry-induced homomorphisms. For simplicity, we deal only with a real scalar quantum field. We discuss some known general results in curved spacetime like the existence of quasifree states enjoying symmetries induced from the background, pointing out the relevant original references. We introduce, in particular, the notion of a Hadamard quasifree algebraic quantum state, both in the geometric and microlocal formulation, and the associated notion of Wick polynomials.},
annote = {Introduzione rapida comoda a Quanto Serve Ricordare di {\&}quot;algebre astratte{\&}quot;.},
archivePrefix = {arXiv},
arxivId = {1412.5945},
author = {Khavkine, Igor and Moretti, Valter},
eprint = {1412.5945},
file = {:E$\backslash$:/Mendeley Desktop/Khavkine, Moretti{\_}Algebraic QFT in Curved Spacetime and quasifree Hadamard states an introduction.pdf:pdf},
keywords = {Quantizzazione Algebrica,STAMPATO,Stati Algebrici,Tesi Magistrale},
mendeley-tags = {Quantizzazione Algebrica,STAMPATO,Stati Algebrici,Tesi Magistrale},
title = {{Algebraic QFT in Curved Spacetime and quasifree Hadamard states: an introduction}},
url = {http://arxiv.org/abs/1412.5945},
year = {2014}
}
@book{Kriegl,
abstract = {The book is devoted to the study of manifolds modeled on locally convex spaces which are smooth in an appropriate sense. To this aim a generalized differential calculus is developed in the setting of locally convex spaces. The authors' approach relies on the following idea: a mapping is called smooth if it maps smooth curves to smooth curves. The rules for such a differential calculus are established and carefully compared with the classical results. On this basis the needed tools are constructed: smooth partitions of unity, the foundations of manifold theory, the relation between tangent vectors and derivations, vector fields, differential forms, cohomology, Lie groups, bundles. The main motivation and applications of these extensions concern the infinitedimensional differential geometry and global analysis. Specifically, the authors discuss manifolds of mappings, groups of diffeomorphisms, Riemannian metrics, representations of Lie groups, perturbation theory of operators. The book includes the authors' original contributions in the field.},
author = {Kriegl, Andreas and Michor, Peter W.},
file = {:E$\backslash$:/Mendeley Desktop/Kriegl, Michor{\_}The convenient setting for Global Analysis.pdf:pdf},
title = {{The convenient setting for Global Analysis}}
}
@article{Lessig2012,
abstract = {Geometric mechanics is usually studied in applied mathematics and most introductory texts are hence aimed at a mathematically minded audience. The present note tries to provide the intuition of geometric mechanics and to show the relevance of the subject for an understanding of "mechanics".},
archivePrefix = {arXiv},
arxivId = {arXiv:1206.3302v1},
author = {Lessig, Christian},
eprint = {arXiv:1206.3302v1},
file = {:E$\backslash$:/Mendeley Desktop/Lessig{\_}A Primer on Geometric Mechanics.pdf:pdf},
journal = {arXiv Prepr. arXiv1206.3302},
pages = {1--12},
title = {{A Primer on Geometric Mechanics}},
url = {http://arxiv.org/abs/1206.3302},
year = {2012}
}
@article{Mandl2013,
abstract = {Following on from the successful first (1984) and revised (1993) editions, this extended and revised text is designed as a short and simple introduction to quantum field theory for final year physics students and for postgraduate students beginning research in theoretical and experimental particle physics. The three main objectives of the book are to: Explain the basic physics and formalism of quantum field theory To make the reader proficient in theory calculations using Feynman diagrams To introduce the reader to gauge theories, which play a central role in elementary particle physic.},
annote = {Orribbbbile

Messo solo come reference al {\&}quot;modo usuale in cui si studia la teoria dei campi{\&}quot;
Approccio {\&}quot;undergrad{\&}quot;},
archivePrefix = {arXiv},
arxivId = {hep-th/9803075},
author = {Mandl, Franz and Shaw, Graham},
doi = {10.1103/RevModPhys.71.S85},
eprint = {9803075},
isbn = {9781118716656 1118716655},
issn = {0010-3616},
primaryClass = {hep-th},
title = {{Quantum Field Theory}},
url = {http://public.eblib.com/EBLPublic/PublicView.do?ptiID=1212543},
year = {2013}
}
@article{Marolf1993,
abstract = {We first extend the Peierls algebra of gauge invariant functions from the space {\$}{\{}\backslashcal S{\}}{\$} of classical solutions to the space {\$}{\{}\backslashcal H{\}}{\$} of histories used in path integration and some studies of decoherence. We then show that it may be generalized in a number of ways to act on gauge dependent functions on {\$}{\{}\backslashcal H{\}}{\$}. These generalizations (referred to as class I) depend on the choice of an ``invariance breaking term," which must be chosen carefully so that the gauge dependent algebra is a Lie algebra. Another class of invariance breaking terms is also found that leads to an algebra of gauge dependent functions, but only on the space {\$}{\{}\backslashcal S{\}}{\$} of solutions. By the proper choice of invariance breaking term, we can construct a generalized Peierls algebra that agrees with any gauge dependent algebra constructed through canonical or gauge fixing methods, as well as Feynman and Landau ``gauge." Thus, generalized Peierls algebras present a unified description of these techniques. We study the properties of generalized Peierls algebras and their pull backs to spaces of partial solutions and find that they may posses constraints similar to the canonical case. Such constraints are always first class, and quantization may proceed accordingly.},
archivePrefix = {arXiv},
arxivId = {hep-th/9308150},
author = {Marolf, Donald},
doi = {10.1006/aphy.1994.1117},
eprint = {9308150},
file = {:E$\backslash$:/Mendeley Desktop/Marolf{\_}The Generalized Peierls Bracket.pdf:pdf},
issn = {00034916},
pages = {30},
primaryClass = {hep-th},
title = {{The Generalized Peierls Bracket}},
url = {http://arxiv.org/abs/hep-th/9308150},
year = {1993}
}
@article{Motohashi2014,
abstract = {It is known that any nondegenerate Lagrangian containing time derivative terms higher than first order suffers from the Ostrogradsky instability, pathological excitation of positive and negative energy degrees of freedom. We show that, within the framework of analytical mechanics of point particles, any Lagrangian for third order equations of motion, which evades the nondegeneracy condition, still leads to the Ostrogradsky instability. Extension to the case of higher odd order equations of motion is also considered.},
annote = {per motivare il fatto che ci limitiamo a considerarea densit{\`{a}} lagrangiane sul primo Jet. 
Si tratta di Ostrogradsky, un matematico ucraino 
ed il problema {\`{e}} noto come instabilit{\`{a}} di Ostrogradsky. 
In realt{\`{a}} non esiste una referenza esplicita in teoria dei campi perch{\'{e}} {\`{e}} un problema molto pi{\`{u}} generale di ODE/PDE. 
Per assurdo la dimostrazione (e le referenze) date su Wikipedia sono ottime:

https://en.wikipedia.org/wiki/Ostrogradsky{\_}instability},
archivePrefix = {arXiv},
arxivId = {1411.3721},
author = {Motohashi, Hayato and Suyama, Teruaki},
doi = {10.1103/PhysRevD.91.085009},
eprint = {1411.3721},
file = {:E$\backslash$:/Mendeley Desktop/Motohashi, Suyama{\_}Third order equations of motion and the Ostrogradsky instability.pdf:pdf},
title = {{Third order equations of motion and the Ostrogradsky instability}},
url = {http://arxiv.org/abs/1411.3721 http://dx.doi.org/10.1103/PhysRevD.91.085009},
year = {2014}
}
@misc{Ncatlab.org2015,
abstract = {This entry is supposed to be a survey of and motivation for the role of fiber bundles in physics.},
annote = {From Duplicate 1 (Fiber Bundles in Physics - N-Lab)

From Duplicate 1 ( 





Fiber Bundles in Physics





- )







Articolo di motivazione che pu{\`{o}} essere usato come giustificazione del lavoro fatto nel primo capitolo della tesi.

From Duplicate 2 (Fiber Bundles in Physics - )

Articolo di motivazione che pu{\`{o}} essere usato come giustificazione del lavoro fatto nel primo capitolo della tesi.},
author = {Ncatlab.org},
file = {:E$\backslash$:/Mendeley Desktop//ncatlab.org{\_}Fiber Bundles in Physics.pdf:pdf},
keywords = {Fiber Bundles,Fisica-Matematica,Tesi Magistrale},
mendeley-tags = {Fiber Bundles,Fisica-Matematica,Tesi Magistrale},
pages = {1--5},
title = {{Fiber Bundles in Physics}},
url = {http://ncatlab.org/nlab/show/fiber+bundles+in+physics},
year = {2015}
}
@misc{Ncatlab.org,
author = {Ncatlab.org},
file = {:E$\backslash$:/Mendeley Desktop/ncatlab.org{\_}Phase Space in nlab.pdf:pdf},
title = {{Phase Space in nlab}},
url = {http://ncatlab.org/nlab/show/phase+space}
}
@article{Peierls1952,
abstract = {A definition of Poisson brackets is given which is related to the action principle, but does not require the introduction of canonical variables. This permits the laws for forming both the commutators of canonical theory and the anticommutators of Fermi-Dirac particles to be stated in a manifestly covariant way. Examples of the use of this method are given. The last section discusses tentatively the extension to the case of equations which cannot be written in canonical form.},
author = {Peierls, R. E.},
doi = {10.1098/rspa.1952.0158},
file = {:E$\backslash$:/Mendeley Desktop/Peierls{\_}The Commutation Laws of Relativistic Field Theory.pdf:pdf},
issn = {1364-5021},
journal = {Proc. R. Soc. A Math. Phys. Eng. Sci.},
keywords = {Tesi Magistrale},
mendeley-tags = {Tesi Magistrale},
number = {1117},
pages = {143--157},
title = {{The Commutation Laws of Relativistic Field Theory}},
volume = {214},
year = {1952}
}
@article{Sardanashvily,
archivePrefix = {arXiv},
arxivId = {arXiv:1206.2508v1},
author = {Sardanashvily, G},
eprint = {arXiv:1206.2508v1},
file = {:E$\backslash$:/Mendeley Desktop/Sardanashvily{\_}Grassmann-graded Lagrangian theory of even and odd variables.pdf:pdf},
number = {Theorem 5},
pages = {1--36},
title = {{Grassmann-graded Lagrangian theory of even and odd variables}}
}
@article{G.Sardanashvily2013,
author = {Sardanashvily, G.},
file = {:E$\backslash$:/Mendeley Desktop/Sardanashvily{\_}Advanced Differential Geometry for Theoreticians. Fiber bundles, jet manifolds and Lagrangian theory.pdf:pdf},
pages = {221},
title = {{Advanced Differential Geometry for Theoreticians. Fiber bundles, jet manifolds and Lagrangian theory}},
url = {http://gnsardan.appfarm.ru/lp{\_}mo.html http://www.g-sardanashvily.ru/book13.pdf},
year = {2013}
}
@article{Sharan2010,
abstract = {Relation between the Peierls and the Poisson bracket is derived in classical mechanics of time-dependent systems. Equal-time Peierls brackets are seen to be the same as the Poisson brackets in simple cases but a proof for a general Hamiltonian is lacking.},
annote = {Articolo Molto importante perch{\`{e}} tratta precisamente della teoria di peierels che serve a me! cio{\`{e}} per sistemi classici!},
archivePrefix = {arXiv},
arxivId = {1002.3092},
author = {Sharan, Pankaj},
eprint = {1002.3092},
file = {:E$\backslash$:/Mendeley Desktop/Sharan{\_}Causality and Peierls Bracket in Classical Mechanics.pdf:pdf},
keywords = {Tesi},
mendeley-tags = {Tesi},
month = {feb},
pages = {6},
title = {{Causality and Peierls Bracket in Classical Mechanics}},
url = {http://arxiv.org/abs/1002.3092},
year = {2010}
}
@article{Sharapov2014,
archivePrefix = {arXiv},
arxivId = {1408.2329},
author = {Sharapov, Alexey},
eprint = {1408.2329},
file = {:E$\backslash$:/Mendeley Desktop/Sharapov{\_}Peierls brackets in non-Lagrangian field theory.pdf:pdf},
pages = {1--31},
title = {{Peierls brackets in non-Lagrangian field theory}},
year = {2014}
}
@misc{Tornberg,
author = {Tornberg, Anna-Karin},
file = {:E$\backslash$:/Mendeley Desktop/Tornberg{\_}Green Functions for ODE.pdf:pdf},
pages = {661--675},
title = {{Green Functions for ODE}},
url = {http://www.nada.kth.se/{~}annak/greens1d{\_}odes.pdf}
}
@book{Wald1994,
author = {Wald, Robert},
file = {:E$\backslash$:/Mendeley Desktop/Wald{\_}Quantum Field Theory on Curved Background and Blackhole Thermodynamics.djvu:djvu},
title = {{Quantum Field Theory in Curved Spacetime and Black Hole Thermodynamics}},
url = {http://press.uchicago.edu/ucp/books/book/chicago/Q/bo3684008.html},
year = {1994}
}
@book{Wald1984,
annote = {Testo base dei corsi di Relativit{\`{a}} Generale.},
author = {Wald, Robert M.},
file = {:E$\backslash$:/Mendeley Desktop/Wald{\_}General Relativity.pdf:pdf},
isbn = {9780226870373},
keywords = {COMPRATO},
mendeley-tags = {COMPRATO},
pages = {1--494},
title = {{General Relativity}},
url = {http://www.press.uchicago.edu/ucp/books/book/chicago/G/bo5952261.html},
year = {1984}
}
